<record><leader>00000cas a22000007a 4500</leader><controlfield tag="001">10880821</controlfield><controlfield tag="008">840625c19849999mnuwr ne      0   a0eng d</controlfield><datafield ind1=" " ind2=" " tag="010"><subfield code="a">sn 84006228 </subfield></datafield><datafield ind1=" " ind2=" " tag="040"><subfield code="a">NSD</subfield><subfield code="b">eng</subfield><subfield code="c">NSD</subfield><subfield code="d">MN#</subfield><subfield code="d">OCLCQ</subfield><subfield code="d">OCLCO</subfield></datafield><datafield ind1=" " ind2=" " tag="012"><subfield code="m">1</subfield></datafield><datafield ind1="1" ind2=" " tag="022"><subfield code="a">0747-4407</subfield><subfield code="l">0747-4407</subfield><subfield code="2">1</subfield></datafield><datafield ind1="1" ind2=" " tag="029"><subfield code="a">AU@</subfield><subfield code="b">000020334837</subfield></datafield><datafield ind1=" " ind2=" " tag="032"><subfield code="a">347100</subfield><subfield code="b">USPS</subfield></datafield><datafield ind1=" " ind2=" " tag="037"><subfield code="b">The New River Record, 136 Hill Ave., Middle River, MN 56737</subfield></datafield><datafield ind1=" " ind2=" " tag="042"><subfield code="a">nsdp</subfield></datafield><datafield ind1=" " ind2=" " tag="043"><subfield code="a">n-us-mn</subfield></datafield><datafield ind1=" " ind2=" " tag="052"><subfield code="a">4144</subfield><subfield code="b">M476</subfield><subfield code="b">N48</subfield></datafield><datafield ind1=" " ind2=" " tag="052"><subfield code="a">4143</subfield><subfield code="b">M35</subfield></datafield><datafield ind1=" " ind2="4" tag="222"><subfield code="a">The New Folden-Middle River record</subfield></datafield><datafield ind1="0" ind2="4" tag="245"><subfield code="a">The New Folden-Middle River record.</subfield></datafield><datafield ind1="3" ind2="0" tag="246"><subfield code="a">Newfolden Middle River record</subfield></datafield><datafield ind1="3" ind2="0" tag="246"><subfield code="a">New-river record</subfield></datafield><datafield ind1=" " ind2=" " tag="260"><subfield code="a">Gonvich, MN :</subfield><subfield code="b">Richards Pub. Co.,</subfield><subfield code="c">1984-</subfield></datafield><datafield ind1=" " ind2=" " tag="300"><subfield code="a">v.</subfield></datafield><datafield ind1=" " ind2=" " tag="310"><subfield code="a">Weekly</subfield></datafield><datafield ind1="0" ind2=" " tag="362"><subfield code="a">Vol. 82, no. 10 (Mar. 8, 1984)-</subfield></datafield><datafield ind1=" " ind2=" " tag="530"><subfield code="a">Available on microfilm from the Minnesota Historical Society.</subfield></datafield><datafield ind1=" " ind2="0" tag="651"><subfield code="a">Gonvich (Minn.)</subfield><subfield code="v">Newspapers.</subfield></datafield><datafield ind1=" " ind2="0" tag="651"><subfield code="a">Middle River (Minn.)</subfield><subfield code="v">Newspapers.</subfield></datafield><datafield ind1=" " ind2="0" tag="651"><subfield code="a">Newfolden (Minn.)</subfield><subfield code="v">Newspapers.</subfield></datafield><datafield ind1=" " ind2=" " tag="752"><subfield code="a">United States</subfield><subfield code="b">Minnesota</subfield><subfield code="c">Marshall</subfield><subfield code="d">Gonvich.</subfield></datafield><datafield ind1=" " ind2=" " tag="752"><subfield code="a">United States</subfield><subfield code="b">Minnesota</subfield><subfield code="c">Marshall</subfield><subfield code="d">Middle River.</subfield></datafield><datafield ind1=" " ind2=" " tag="752"><subfield code="a">United States</subfield><subfield code="b">Minnesota</subfield><subfield code="c">Marshall</subfield><subfield code="d">Newfolden.</subfield></datafield><datafield ind1="0" ind2="0" tag="780"><subfield code="t">Record (Middle River. Minn.)</subfield><subfield code="w">(DLC)sn 90059244</subfield></datafield><datafield ind1=" " ind2=" " tag="936"><subfield code="a">May 24, 1984</subfield></datafield></record>